<record><leader>00000cas a22000007a 4500</leader><controlfield tag="001">40537379</controlfield><controlfield tag="008">981222d194u1949cauwr ne      0    0eng d</controlfield><datafield ind1=" " ind2=" " tag="010"><subfield code="a">sn 98061995 </subfield></datafield><datafield ind1=" " ind2=" " tag="040"><subfield code="a">CNK</subfield><subfield code="b">eng</subfield><subfield code="c">CNK</subfield><subfield code="d">OCLCQ</subfield></datafield><datafield ind1=" " ind2=" " tag="042"><subfield code="a">msc</subfield></datafield><datafield ind1="0" ind2="0" tag="245"><subfield code="a">San Lorenzo Valley press.</subfield></datafield><datafield ind1=" " ind2=" " tag="260"><subfield code="a">Santa Cruz, Calif. :</subfield><subfield code="b">Branson Pub. Co.</subfield></datafield><datafield ind1=" " ind2=" " tag="300"><subfield code="a">v.</subfield></datafield><datafield ind1=" " ind2=" " tag="310"><subfield code="a">Weekly</subfield></datafield><datafield ind1="0" ind2=" " tag="362"><subfield code="a">-v. 4, no. 30 (Apr. 29, 1949).</subfield></datafield><datafield ind1=" " ind2=" " tag="588"><subfield code="a">Description based on: Vol. 1, no. 52 (Oct. 4, 1946).</subfield></datafield><datafield ind1=" " ind2="4" tag="651"><subfield code="a">San Lorenzo Valley (Calif.)</subfield><subfield code="v">Newspapers.</subfield></datafield><datafield ind1=" " ind2=" " tag="752"><subfield code="a">United States</subfield><subfield code="b">California</subfield><subfield code="c">Santa Cruz</subfield><subfield code="d">Santa Cruz.</subfield></datafield><datafield ind1="0" ind2="0" tag="785"><subfield code="t">San Lorenzo Valley press and the Santa Cruz County sun</subfield><subfield code="w">(DLC)sn 98061996</subfield></datafield><datafield ind1="1" ind2=" " tag="029"><subfield code="a">AU@</subfield><subfield code="b">000014498221</subfield></datafield></record>